@techreport{colotte:hal-01244553,
  TITLE = {{JCorpusRecorder}},
  AUTHOR = {Colotte, Vincent and Casano, Emilien},
  URL = {https://hal.inria.fr/hal-01244553},
  TYPE = {Technical Report},
  INSTITUTION = {{Universit{\'e} de Lorraine}},
  YEAR = {2015},
  MONTH = Dec,
  KEYWORDS = { Experiment ;  Perception ;  Language Learning ;  Corpus recording ; Acquisition},
  HAL_ID = {hal-01244553},
  HAL_VERSION = {v1},
}



@inproceedings{chevelu_roots:_2014,
	title = {{ROOTS}: a toolkit for easy, fast and consistent processing of large sequential annotated data collections},
	shorttitle = {{ROOTS}},
	url = {https://hal.inria.fr/hal-00974628},
	language = {en},
	urldate = {2017-03-16},
	author = {Chevelu, Jonathan and Lecorvé, Gwénolé and Lolive, Damien},
	month = may,
	year = {2014}
}